@misc{person1901lines,
  title={On Lines and Planes of Closest Fit to System of Points in Space. Philiosophical Magazine, 2, 559-572},
  author={Person, K},
  year={1901}
}

@article{cortes1995support,
  title={Support-vector networks},
  author={Cortes, Corinna and Vapnik, Vladimir},
  journal={Machine learning},
  volume={20},
  number={3},
  pages={273--297},
  year={1995},
  publisher={Springer}
}

@inproceedings{boser1992training,
  title={A training algorithm for optimal margin classifiers},
  author={Boser, Bernhard E and Guyon, Isabelle M and Vapnik, Vladimir N},
  booktitle={Proceedings of the fifth annual workshop on Computational learning theory},
  pages={144--152},
  year={1992},
  organization={ACM}
}

@article{scholz2012validation,
  title={Validation of nonlinear PCA},
  author={Scholz, Matthias},
  journal={Neural processing letters},
  volume={36},
  number={1},
  pages={21--30},
  year={2012},
  publisher={Springer}
}

@inproceedings{saad2009recognizing,
  title={Recognizing the ripeness of bananas using artificial neural network based on histogram approach},
  author={Saad, Hasnida and Ismail, Ahmad Puad and Othman, Norazila and Jusoh, Mohamad Huzaimy and Naim, Nani Fadzlina and Ahmad, Nur Azam},
  booktitle={Signal and Image Processing Applications (ICSIPA)},
  pages={536--541},
  year={2009},
  organization={IEEE}
}

@inproceedings{krizhevsky2012imagenet,
  title={Imagenet classification with deep convolutional neural networks},
  author={Krizhevsky, Alex and Sutskever, Ilya and Hinton, Geoffrey E},
  booktitle={Advances in neural information processing systems},
  pages={1097--1105},
  year={2012}
}

@article{jia2014caffe,
  Author = {Jia, Yangqing and Shelhamer, Evan and Donahue, Jeff and Karayev, Sergey and Long, Jonathan and Girshick, Ross and Guadarrama, Sergio and Darrell, Trevor},
  Journal = {arXiv preprint arXiv:1408.5093},
  Title = {Caffe: Convolutional Architecture for Fast Feature Embedding},
  Year = {2014}
}

@article{scikit-learn,
 title={Scikit-learn: Machine Learning in {P}ython},
 author={Pedregosa, F. and Varoquaux, G. and Gramfort, A. and Michel, V.
         and Thirion, B. and Grisel, O. and Blondel, M. and Prettenhofer, P.
         and Weiss, R. and Dubourg, V. and Vanderplas, J. and Passos, A. and
         Cournapeau, D. and Brucher, M. and Perrot, M. and Duchesnay, E.},
 journal={Journal of Machine Learning Research},
 volume={12},
 pages={2825--2830},
 year={2011}
}

@inproceedings{paulraj2009color,
  title={Color recognition algorithm using a neural network model in determining the ripeness of a Banana},
  author={Paulraj, Murugesapandian and Hema, Chengalvarayan Radhakrishnamurthy and R Pranesh, Krishnan and Siti Sofiah, Mohd Radzi},
  booktitle = {Proceedings of the International Conference on Man-Machine Systems (ICoMMS)}, 
  year={2009},
  publisher={Universiti Malaysia Perlis}
}

@inproceedings{dadwal2012color,
  title={Color Image Segmentation for Fruit Ripeness Detection: A Review},
  author={Dadwal, Meenu and Banga, VK},
  booktitle={2nd International Conference on Electrical, Electronics and Civil Engineering (ICEECE'2012) Singapore April},
  pages={28--29},
  year={2012}
}

@article{llobet1999non,
  title={Non-destructive banana ripeness determination using a neural network-based electronic nose},
  author={Llobet, Eduard and Hines, Evor L and Gardner, Julian W and Franco, Stefano},
  journal={Measurement Science and Technology},
  volume={10},
  number={6},
  pages={538},
  year={1999},
  publisher={IOP Publishing}
}

@article{li2007neural,
  title={Neural network and Bayesian network fusion models to fuse electronic nose and surface acoustic wave sensor data for apple defect detection},
  author={Li, Changying and Heinemann, Paul and Sherry, Richard},
  journal={Sensors and Actuators B: Chemical},
  volume={125},
  number={1},
  pages={301--310},
  year={2007},
  publisher={Elsevier}
}

@article{kodagali2012computer,
  title={Computer vision and image analysis based techniques for automatic characterization of fruits--a review},
  author={Kodagali, Jyoti A and Balaji, S},
  journal={International Journal of Computer Applications},
  volume={50},
  number={6},
  year={2012},
  publisher={Citeseer}
}
