@inproceedings{saad2009recognizing,
  title={Recognizing the ripeness of bananas using artificial neural network based on histogram approach},
  author={Saad, Hasnida and Ismail, Ahmad Puad and Othman, Norazila and Jusoh, Mohamad Huzaimy and Naim, Nani Fadzlina and Ahmad, Nur Azam},
  booktitle={Signal and Image Processing Applications (ICSIPA)},
  pages={536--541},
  year={2009},
  organization={IEEE}
}

@inproceedings{krizhevsky2012imagenet,
  title={Imagenet classification with deep convolutional neural networks},
  author={Krizhevsky, Alex and Sutskever, Ilya and Hinton, Geoffrey E},
  booktitle={Advances in neural information processing systems},
  pages={1097--1105},
  year={2012}
}

@article{jia2014caffe,
  Author = {Jia, Yangqing and Shelhamer, Evan and Donahue, Jeff and Karayev, Sergey and Long, Jonathan and Girshick, Ross and Guadarrama, Sergio and Darrell, Trevor},
  Journal = {arXiv preprint arXiv:1408.5093},
  Title = {Caffe: Convolutional Architecture for Fast Feature Embedding},
  Year = {2014}
}

@article{scikit-learn,
 title={Scikit-learn: Machine Learning in {P}ython},
 author={Pedregosa, F. and Varoquaux, G. and Gramfort, A. and Michel, V.
         and Thirion, B. and Grisel, O. and Blondel, M. and Prettenhofer, P.
         and Weiss, R. and Dubourg, V. and Vanderplas, J. and Passos, A. and
         Cournapeau, D. and Brucher, M. and Perrot, M. and Duchesnay, E.},
 journal={Journal of Machine Learning Research},
 volume={12},
 pages={2825--2830},
 year={2011}
}

@inproceedings{paulraj2009color,
  title={Color recognition algorithm using a neural network model in determining the ripeness of a Banana},
  author={Paulraj, Murugesapandian and Hema, Chengalvarayan Radhakrishnamurthy and R Pranesh, Krishnan and Siti Sofiah, Mohd Radzi},
  booktitle = {Proceedings of the International Conference on Man-Machine Systems (ICoMMS)}, 
  year={2009},
  publisher={Universiti Malaysia Perlis}
}

@inproceedings{dadwal2012color,
  title={Color Image Segmentation for Fruit Ripeness Detection: A Review},
  author={Dadwal, Meenu and Banga, VK},
  booktitle={2nd International Conference on Electrical, Electronics and Civil Engineering (ICEECE'2012) Singapore April},
  pages={28--29},
  year={2012}
}